@article{aramonte2019yield,
  title={Yield curve inversion and recession risk},
  author={Aramonte, Sirio and Xia, Dora},
  journal={BIS Quarterly Review},
  year={2019},
  month={September},
  publisher={Bank for International Settlements},
  url={https://www.bis.org/publ/qtrpdf/r_qt1909.htm}
}

@article{bauer2018economic,
  title={Economic Forecasts with the Yield Curve},
  author={Bauer, Michael D. and Mertens, Thomas M.},
  journal={FRBSF Economic Letter},
  year={2018},
  number={2018-07},
  month={March},
  institution={Federal Reserve Bank of San Francisco},
  url={https://www.frbsf.org/economic-research/publications/economic-letter/2018/march/economic-forecasts-with-yield-curve/}
}

@techreport{joshi2020forecasting,
  title={Forecasting the Leading Indicator of a Recession: The 10-Year minus 3-Month Treasury Yield Spread},
  author={Joshi, Sudiksha},
  institution={Pennsylvania State University},
  year={2020},
  note={Available at SSRN: \url{https://ssrn.com/abstract=3687851}},
  url={https://ssrn.com/abstract=3687851}
}

@misc{NBERRecession,
  author       = {{National Bureau of Economic Research}},
  title        = {{US Business Cycle Expansions and Contractions}},
  howpublished = {\url{https://www.nber.org/research/data/us-business-cycle-expansions-and-contractions}},
  note         = {Accessed: 2025-07-07},
  year         = {n.d.}
}

@misc{NYFedYieldCurve,
  author       = {{Federal Reserve Bank of New York}},
  title        = {The Yield Curve as a Leading Indicator},
  howpublished = {\url{https://www.newyorkfed.org/research/capital_markets/ycfaq.html}},
  note         = {Accessed: 2025-07-07},
  year         = {n.d.}
}

@article{estrella1998predicting,
  title={Predicting US recessions: financial variables as leading indicators},
  author={Estrella, Arturo and Mishkin, Frederic S},
  journal={Review of Economics and Statistics},
  volume={80},
  number={1},
  pages={45--61},
  year={1998},
  publisher={MIT Press}
}




